%este es el formato común de citar artículos. El formato Bibtex facilita el trabajo.

@article{gonzalezeducational,
  title={Educational initiatives related with the CEABOT contest},
  author={Gonz{\'a}lez-Fierro, M. and Jard{\'o}n, A. and Mart{\'i}nez de la Casa, S.  and Stoelen, M.F. and  V{\'i}ctores, J.G. and Balaguer, C.}
}