@ARTICLE(Ariyavisitakul00,
 author = "S. L. Ariyavisitakul",
 title = "{Turbo space-time processing to improve wireless channel capacity}",
 journal = "{IEEE Transactions on Communications}",
 year = "2000",
 volume =       "48",
 number = "8",
 pages =        "1347 - 1359",
 month = aug
)

@BOOK{Balanis,
  AUTHOR =       "C. A. Balanis",
  TITLE =        "Antenna theory : analysis and design",
  PUBLISHER =    "John Wiley {\&} Sons",
  YEAR =         "2005",
  edition =      "Third",
}

@BOOK{Biglieri,
  AUTHOR =       "E. Biglieri and R. Calderbank and A. Constantinides and A.Goldsmith and A. Paulrauj and H. V. Poor",
  TITLE =        "MIMO wireless communications",
  YEAR =         "2010",
}

@BOOK{Goldsmith_book,
  AUTHOR =       "A. Goldsmith",
  TITLE =        "Wireless communications",
  PUBLISHER =    "Cambridge University Press",
  YEAR =         "2005",
}

@BOOK{Huang,
  AUTHOR =       "H. Huang and C. Papadias and S. Venkatesen ",
  TITLE =        "Wireless communication for cellular networks",
  PUBLISHER =    "Springer",
  YEAR =         "2012",
}


@ARTICLE(Baltersee01,
 author = "J. Baltersee and G. Fock and H. Meyr",
 title = "{Achievable Rate of MIMO Channels with Data-Aided Channel Estimation and perfect interleaving}",
 journal = "IEEE Transactions on Wireless Communications",
 year = "2007",
 volume = "6",
 month = jul,
 pages = 2427-2431
)

@ARTICLE(mati,
 author = "M. S\'anchez-Fern\'andez and S. Zazo and R. Valenzuela",
 title = "{Performance Comparison between Beamforming and Spatial Multiplexing for the Downlink Wireless Cellular Systems}",
 journal = "IEEE Transactions on Communications",
 year = "2001",
 volume = "19",
 month = dec
)

@ARTICLE(linkoping,
 author = "E. G. Larsson and O. Edfors and F. Tufvesson and T. L. Marzetta",
 title = "{Massive MIMO for Next Generation Wireless Systems}",
 journal = "IEEE Journal on Selected Areas in Communications",
 year = "2014",
 volume = "52",
 month = feb
)

@ARTICLE(Xiang00,
 author = "X. Gao and O. Edfors and F. Rusek and F. Tufvesson",
 title = "{Linear Pre-Coding Performance in Measured Very-Large MIMO Channels}",
 journal = "IEEE Vehicular Technology Conference",
 year = "2011",
)

@ARTICLE(,
 author = "R. Sivalingman and D. Boley and V. Morellas and N. Papanikolopoulos",
 title = "{Tensor Sparse Coding for Region Covariances}",
 journal = "11th European Conference on Computer Vision ( ECCV 2010), Heraklion, Crete, Greece",
 year = 2010,
 month = sep
)

@ARTICLE(Barriac04,
 author = "G. Barriac and U. Madhow",
 title = "{Space-time communication for OFDM with implicit channel feedback}",
 journal = "IEEE Transactions on Information Theory",
 year = "2004",
 volume = "50",
 number = "12",
 pages = "3111 - 3129",
 month = dec
)

@ARTICLE(Caire99,
 author = "G. Caire and S. Shamai",
 title = "{On the Capacity of Some Channels with Channel State Information}",
 journal = "IEEE Transactions on Information Theory",
 year = "1999",
 volume = "45",
 number = "6",
 pages = "2007-2019",
 month = sep
)

@ARTICLE(Chizhik00,
 author = "D. Chizhik and F. Rashid-Farrokhi and J. Ling and A. Lozano",
 title = "{Effect of antenna separation on the capacity of BLAST in correlated channels}",
 journal = "IEEE Communications Letters",
 year = "2000",
 volume = "4",
 number = "11",
 pages = "1337 - 339",
 month = nov
)

@ARTICLE(Chizhik02,
 author = "D. Chizhik and G.J. Foschini and M.J Gans and R.A. Valenzuela",
 title = "Keyholes, correlations, and capacities of multielement transmit and receive antennas",
 journal = "IEEE Transactions on Wireless Communications",
 year = "2002",
 volume = "1",
 number = "2",
 pages = "361 - 368",
 month = apr
)

@ARTICLE(Chizhik03,
 author = "D. Chizhik and J. Ling and P.W. Wolniansky and R.A. Valenzuela and N. Costa and K. Huber",
 title = "Multiple-input-multiple-output measurements and modeling in {Manhattan}",
 journal = "IEEE Journal on Selected Areas in Communications",
 year = "2003",
 volume = "21",
 number = "3",
 pages = "321 - 331",
 month = apr
)

@ARTICLE(Chizhik04,
 author = "D. Chizhik ",
 title = "{Slowing the time-fluctuating MIMO channel by beam forming}",
 journal = "IEEE Transactions on Wireless Communications",
 year = "2004",
 volume = "3",
 number = "5",
 pages = "1554 - 1565",
 month = sep
)

@ARTICLE(Chuah02,
 author = "Chen-Nee Chuah and D.N.C. Tse and J.M. Kahn and R.A. Valenzuela",
 title = "{Capacity scaling in MIMO wireless systems under correlated fading}",
 journal = "IEEE Transactions on Information Theory",
 year = "2002",
 volume = "48",
 number = "3",
 pages = "637 - 650",
 month = mar
)

@ARTICLE(Dhahir00,
 author = "N. Al-Dhahir and A. H. Sayed",
 title = "{The finite-length Multi-Input Multi-Output MMSE-DFE}",
 journal = "IEEE Transaction on Signal Processing",
 year = "2000",
 volume = "48",
 pages = "2921-2936",
 month = oct
)

@ARTICLE(Dietrich01,
 author = " C.B. Dietrich and K. Dietze and J.R. Nealy and W.L. Stutzman ",
 title = "{Spatial, polarization, and pattern diversity for wireless handheld terminals}",
 journal = "IEEE Transaction on Antennas and Propagation",
 year = "2001",
 volume = "49",
 number = "9",
 pages = "1271 - 1281",
 month = oct
)

@ARTICLE(Driessen99,
 author = "P.F. Driessen and G.J. Foschini",
 title = "{On the capacity formula for multiple input-multiple output wireless channels: a geometric interpretation}",
 journal = "IEEE Transaction on Communications",
 year = "1999",
 volume = "47",
 number = "2",
 pages = "173-176",
 month = feb
)
@ARTICLE(Dong05,
 author = "Liang Dong and Hosung Choo and R.W. Heath Jr. and Hao Ling",
 title = "{Simulation of {MIMO} channel capacity with antenna polarization diversity}",
 journal = "IEEE Transactions on Wireless Communications",
 year = "2005",
 volume = "4",
   number =       "4",
 pages = "1869 - 1873",
 month = jul
)

@ARTICLE(Fletcher03,
 author = "P.N. Fletcher and M. Dean and A.R. Nix",
 title = "{Mutual coupling in multi-element array antennas and its influence on {MIMO} channel capacity}",
 journal = "Electronics Letters",
 year = "2003",
 volume = "39",
 number = "4",
 pages = "342 - 344",
 month = feb
)

@ARTICLE(Forenza06,
 author = "A. Forenza and R.W. Heath",
 title = "Benefit of Pattern Diversity via 2-Element Array of Circular Path Antennas in Indoor Clustered {MIMO} Channels",
 journal = "IEEE Transactions on Communications",
 year = "2006",
 volume = "54",
 number = "4",
 pages = "760 - 760",
 month = apr
)


%Q. Li, G. Li, W. Lee, M. il Lee, D. Mazzarese, B. Clerckx, Z. Li, “MIMO techniques in WiMAX and LTE: a feature overview,” IEEE Communications Magazine, vol. 48, 2010.

@ARTICLE(LTE,
 author = "Q. Li and G. Li and W. Lee and M. il Lee and D. Mazzarese and B. Clerckx and Z. Li",
 title = "{MIMO techniques in WiMAX and LTE: a feature overview}",
 journal = "IEEE Communications Magazine",
 year = "2010",
 volume = "48",
)


@ARTICLE(Foschini98,
 author = "G. J. Foschini and M. J. Gans",
 title = "{On limits of Wireless Communications in a Fading Environment when using Multiple Antennas}",
 journal = "Wireless Personal Communications",
 year = "1998",
 volume = "6",
 number = "3",
 pages = "311-335",
 month = mar
)

@ARTICLE(Gesbert02,
 author = " D. Gesbert and H. Bolcskei and D.A. Gore and A.J. Paulraj",
 title = "{Outdoor MIMO wireless channels: models and performance prediction}",
 journal = "IEEE Transactions on Communications",
 year = "2002",
 volume = "50",
 number = "12",
 pages = "1926 - 1934",
 month = dec
)

@ARTICLE(Ginis01,
 author = " G. Ginis and J.M. Cioffi",
 title = "On the relation between {V-BLAST} and the {GDFE}",
 journal = "IEEE Communications Letters",
 year = "2001",
 volume = "5",
 number = "9",
 pages = "364 - 366",
 month = sep
)

@ARTICLE(Goldsmith03,
 author = "A. Goldsmith and S. Jafar and N. Jindal and S. Vishwanath",
 title = "{Capacity limits of MIMO Channels}",
 journal = "IEEE Journal on Selected Areas in Communications",
 year = "2003",
 volume = "21",
 number = "5",
 pages = "684-702",
 month = jun
)

@INPROCEEDINGS{Hai10,
author={Lin Hai and Ye-Rong Zhang},
booktitle={Microwave and Millimeter Wave Technology (ICMMT), 2010 International Conference on},
title={A statistical MIMO channel model with space-polarization diversity},
year={2010},
pages={1189-1192},
}

@INPROCEEDINGS(Hochwald99,
 author = "B. M. Hochwald and T. L. Marzetta",
 title = "{Space-time Modulation for unknown Fading}",
 booktitle = "{Proc. SPIE AeroSense Conference}",
 year = "1999",
 month = apr
)

@ARTICLE(Hochwald03,
 author = "B.M. Hochwald and S. ten Brink ",
 title = "Achieving near-capacity on a multiple-antenna channel",
 journal = "IEEE Transactions on Communications",
 year = "2003",
 volume = "51",
 number = "3",
 pages = "389 - 399",
 month = mar
)

%@INPROCEEDINGS(Hosli04,
% author = "D. Hosli and A. Lapidoth",
% title = "{The capacity of a MIMO Ricean channel is monotonic in the singular values of the mean}",
% booktitle = "{5th International ITG Conference on Source and Channel Coding}",
% volume = " ",
% pages = "381-385",
% year = "2004"
% month = jan
%)

@INPROCEEDINGS(Jalai00,
 author = "A. Jalai and R. Padovani and R. Pankaj",
 title = "{Data Throughput of CDMA-HDR a High Efficiency-High Data Rate Personal Communication Wireless System}",
 booktitle = "{IEEE Vehicular Technologies Conference (VTC'00)}",
 volume = "1",
 pages = "1854-1858",
 year = "2000"
)

@INPROCEEDINGS(Jafar01,
 author = "S. Jafar and S. Vishwanath and A. Goldsmith",
 title = "{Channel capacity and Beamforming for Multiple Transmit and Receive Antennas with Covariance Feedback}",
 booktitle = "{IEEE International Conference on Communications, ICC 2001}",
 volume = "7",
 pages = "2266 - 2270",
 year = "2001"
 month = jun
)

@ARTICLE(Jafar04,
 author = "S.A. Jafar and A. Goldsmith",
 title = "Transmitter optimization and optimality of beamforming for multiple antenna systems",
 journal = "IEEE Transactions on Wireless Communications",
 year = "2004",
 volume = "3",
 number = "4",
 pages = "1165 - 1175",
 month = jul
)

@BOOK{Jakes74,
  AUTHOR =       "W.C Jakes",
  TITLE =        "Microwave Mobile Communications",
  PUBLISHER =    "New York, Wiley",
  YEAR =         "1974",
}
@ARTICLE(Jorswieck04a,
 author = "E.A. Jorswieck and H.S.A. Boche",
 title = "Channel capacity and capacity-range of beamforming in {MIMO} wireless systems under correlated fading with covariance feedback",
 journal = "IEEE Transactions on Wireless Communications",
 year = "2004",
 volume = "3",
 number = "5",
 pages = "1543 - 1553",
 month = sep
)

@ARTICLE(Jorswieck04b,
 author = "E.A. Jorswieck and H.S.A. Boche",
 title = "Optimal transmission strategies and impact of correlation in multiantenna systems with different types of channel state information",
 journal = "IEEE Transactions on Signal Processing",
 year = "2004",
 volume = "52",
 number = "12",
 pages = "3440 - 3453",
 month = dec
)


@ARTICLE(Kechriotis94,
 author = "G. Kechriotis and E. Zervas and E. S. Manolakos",
 title = "{Using recurrent neural networks for Adaptive Communication Channel Equalization}",
 journal = "IEEE Transactions on Signal Processing",
 year = "1994",
 volume = "5",
 number = "2",
 pages = "267-278",
 month = mar
)

@INPROCEEDINGS{Kermoal01,
author={Kermoal, J-P and Schumacher, L. and Frederiksen, F. and Mogensen, P.E.},
booktitle={Vehicular Technology Conference, 2001. VTC 2001 Fall. IEEE VTS 54th},
title={Polarization diversity in MIMO radio channels: experimental validation of a stochastic model and performance assessment},
year={2001},
volume={1},
pages={22-26},
}

@ARTICLE(Kermoal02,
 author = "J.P. Kermoal and L. Schumacher and K.I Pedersen and P.E. Mogensen and F. Frederiksen",
 title = "A stochastic {MIMO} radio channel model with experimental validation",
 journal = "IEEE Journal on Selected Areas in Communications",
 year = "2002",
 volume = "20",
 number = "6",
 pages = "1211 - 1226",
 month = aug
)


@ARTICLE{kildal,
  AUTHOR =       "P.S. Kildal and K. Rosengren",
  TITLE =        "Correlation and capacity of {MIMO} systems and mutual coupling, radiation efficiency, and diversity gain of their antennas: simulations and measurements in a reverberation chamber",
  JOURNAL =      "IEEE Communication Magazine",
  YEAR =         "2004",
  volume =       "42",
  number =       "12",
  pages =        "104-112",
  month =        dec,
}

@ARTICLE(Komninakis02,
 author = "C. Komninakis and C. Frauili and A. H. Sayed and R. D. Wesel",
 title = "{Multi-Input Multi-Output fading channel tracking and equalization using Kalman estimation}",
 journal = "IEEE Transactions on Signal Processing",
 year = "2002",
 volume = "50",
 pages = "1065-1075",
 month = may
)

@ARTICLE(Kudoh02,
 author = "E. Kudoh and F. Adachi",
 title = "{Analysis of DS-CDMA Transmission Performance in the Presence of Pure Impulsive Interference over Frequency Selective Channels}",
 journal = "IEICE Transactions on Communications",
 year = "2002",
 volume = "E-85-B",
 month = nov
)



@INPROCEEDINGS(Lamahewa06,
 author = "T.A. Lamahewa and R.A. Kennedy and T.D. Abhayapala and T. Betlehem",
 title = "{MIMO Channel Correlation in General Scattering Environments}",
 booktitle = "{7th Australian Communications Theory Workshop}",
 volume = "",
 pages = "93 - 98",
 year = "2006"
 month = feb
)

@INPROCEEDINGS(Lau05,
 author = "B.K. Lau and M.S.S Ow and G. Kristensson and A.F.T. Molisch",
 title = "Capacity analysis for compact {MIMO} systems",
 booktitle = "IEEE Vehicular Technology Conference",
 year = "2005",
 volume = "1",
 pages = "165 - 170",
 month = may
)


@ARTICLE(Lee71,
 author = "W.C.Y. Lee",
 title = "{Antenna spacing requirement for a mobile radio base-station diversity}",
 journal = "Bell Syst. Tech. J.",
 year = "1971",
 volume = "50",
 pages = "1859-1876",
 month = jul
)

@ARTICLE(Lee73,
 author = "W.C.Y. Lee",
 title = "{Effects on correlation between two mobile radio base station antennas}",
 journal = "IEEE Transactions on Communications",
 year = "1973",
 volume = "COM-21",
 pages = "1214-1224",
 month = nov
)

@INPROCEEDINGS(Lee96,
 author = "T. Lee and Chung-Tze Chen and Tsui-Tsai Lin",
 title = "{Design of pattern diversity antenna for mobile communications}",
 booktitle = "{Antennas and Propagation Society International Symposium}",
 year = "1996",
 volume = "1",
 pages = "518 - 521",
 month = jul
)


@ARTICLE(Li98,
 author = "Y. Li and R. Liu",
 title = "{Adaptive Blind Source Separation and Equalization for Multiple-Input/Multiple-Output Systems}",
 journal = "IEEE Transactions on Information Theory",
 year = "1998",
 volume = "44",
 pages = "2864-2876",
 month = nov
)


@ARTICLE{Lin90,
  AUTHOR =       "Y. Lin and L. Shafai",
  TITLE =        "Characteristics of Concentrically Shorted Circular Patch Microstrip Antennas",
  JOURNAL =      "IEE Proceedings, Microwaves, Antennas and Propagation",
  YEAR =         "1990",
  volume =       "137",
  number =       "1",
  pages =        "18 - 24",
  month =        feb
 }


@ARTICLE(Liu03,
 author = "K. Liu and V. Raghavan and A.M. Sayeed ",
 title = "Capacity scaling and spectral efficiency in wide-band correlated {MIMO} channels",
 journal = "IEEE Transactions on Information Theory",
 year = "2003",
 volume = "49",
 number = "10",
 pages = "2504 - 2526",
 month = oct
)

@ARTICLE(Lozano01,
 author = "Angel Lozano and Farrokh Farrokhi and Reinaldo Valenzuela",
 title = "{Lifting the Limits on High-Speed Wireless Data Access using Antenna Arrays}",
 journal = "IEEE Communications Magazine",
 year = "2001",
 pages = "156-162",
 month = sep
)

@INPROCEEDINGS(Lozano02,
 author = "Angel Lozano",
 title = "{Enhancing {UMTS} High-Speed Downlink Packet Access with Dual-Antenna Terminals}",
 booktitle = "{IEEE Global Telecommunications Conference (GLOBECOM'02)}",
 volume ="21",
 number = "1",
 pages = "732-736",
 year = "2002",
 month = nov,
)
@ARTICLE(Lozano03,
 author = "Angel Lozano",
 title = "{Capacity-Approaching Rate Function for Layered Multiantenna Architectures}",
 journal = "IEEE Transactions on Wireless Coomunications ",
 volume ="1",
 number = "4",
 year = "2003",
 pages = "616-620",
 month = jul
)

@INPROCEEDINGS(Lozano03a,
 author = "A. Lozano and A.M. Tulino and S. Verdu",
 title = "Correlation number: a new design criterion in multi-antenna communication",
 booktitle = "IEEE Semiannual Vehicular Technology Conference (VTC-Spring '03)",
 year = "2003",
 volume = "1",
 pages = "24 - 28",
 month = apr
)

@INPROCEEDINGS{Martin01,
  AUTHOR =       "C. Mart\'{i}n-Pascual and E. Rajo-Iglesias and Gonz\'{a}lez-Posadas",
  TITLE =        "Invited tutorial: Patches: the most versatile radiator?",
  BOOKTITLE =    "IASTED International Conference on Advanced in Communications",
  YEAR =         "2001",
  month =        jul,
 }

 @ARTICLE(Makhoul81,
 author = "J. Makhoul",
 title = "On the eigenvectors of symmetric Toeplitz matrices",
 journal = "IEEE Transactions on Acoustics, Speech, and Signal Processing",
 volume ="29",
 number = "4",
 year = "1981",
 pages = "868 - 872",
 month = aug
)

@ARTICLE(Ozcelik03,
 author = "H. Ozcelik and M. Herdin and W. Weichselberger and J. Wallace and E. Bonek",
 title = "{Deficiencies of 'Kronecker' MIMO radio channel model}",
 journal = "Electronics Letters",
 volume ="39",
 number = "16",
 year = "2003",
 pages = "1209 - 1210",
 month = aug
)

@ARTICLE(Pedersen00,
 author = "K.I. Pedersen and P.E. Mogensen and B.H. Fleury, ",
 title = "A stochastic model of the temporal and azimuthal dispersion seen at the base station in outdoor propagation environments",
 journal = "IEEE Transactions on Vehicular Technology ",
 volume ="49",
 number = "2",
 year = "2000",
 pages = "437 - 447",
 month = mar
)
@ARTICLE(Perez04,
 author = "J. Perez and J. Ibanez and L. Vielva and I. Santamaria",
 title = "Approximate closed-form expression for the ergodic capacity of polarisation-diversity {MIMO} systems",
 journal = "Electronics Letters ",
 volume ="40",
 number = "19",
 year = "2004",
 pages = "1192 - 1194",
 month = sep
)

@ARTICLE{Piazza10,
author={Piazza, D. and Mookiah, P. and D'Amico, M. and Dandekar, K.R.},
journal={Vehicular Technology, IEEE Transactions on},
title={Experimental Analysis of Pattern and Polarization Reconfigurable Circular Patch Antennas for MIMO Systems},
year={2010},
volume={59},
number={5},
pages={2352-2362},
}


@ARTICLE(Povey94,
 author = "G.J.R. Povey",
 title = "{Capacity of a cellular time division duplex CDMA system}",
 journal = "IEE Proceedings Communications",
 year = "1994",
 pages = "351 - 356",
 month = oct
)

@ARTICLE{Posadas06,
 AUTHOR =       "V. Gonz\'{a}lez-Posadas and D. Segovia-Vargas and E. Rajo-Iglesias and J.L. V\'{a}zquez-Roy and C. Mart\'{i}n-Pascual",
 TITLE =        "Approximate analysis of short circuited ring patch antenna working at $\text{TM}_{01}$ mode",
 JOURNAL =      "IEEE Transaction on Antennas and Propagation",
 YEAR =         "2006",
 volume =       "54",
 number =       "6",
 pages =        "1875-1879",
 month =        jun,
}

@INPROCEEDINGS(Rajo06_a,
 author = "E. Rajo-Iglesias and O. Quevedo-Teruel and M. L.
Pablo-Gonz\'alez and M. S\'anchez-Fern\'andez",
 title = "A Compact Dual Mode Microstrip Patch Antenna for {MIMO} Applications",
 booktitle = "{IEEE AP-S International Symposium on Antennas and Propagation}",
 year = "2006",
 volume = "1",
 pages = "3651 - 3654",
 month = jul
)

@INPROCEEDINGS(Rajo06_b,
 author = "E. Rajo-Iglesias and O. Quevedo-Teruel and M. L.
Pablo-Gonz\'alez and M. S\'anchez-Fern\'andez",
 title = "Performance of {MIMO} Systems with Multiple Multimode Compact Patch Antenna",
 booktitle = "{European Conference on Antennas and Propagation (EuCAP 2006)}",
 year = "2006",
 volume = "1",
 pages = "1 - 6",
 month = nov
)

@INPROCEEDINGS{Roederer,
  author =       " E. Rammos and A. Roederer",
  title =        "Self-diplexing circularly polarized antennas",
  booktitle =    "IEEE Antennas and Propagation Symposium ",
  year =         "1990",
  pages =        "803-806",
  month =        may,
}


@INPROCEEDINGS(Salz93,
 author = "J. Salz and J.H Winters",
 title = "Effect of fading correlation on adaptive arrays in digital wireless communications",
 booktitle = "IEEE Vehicular Technology Conference",
 year = "1993",
 volume = "3",
 pages = "1758-1774"

)

@ARTICLE(Sanchez-Fernandez06,
 author = "M. S\'anchez-Fern\'andez and S. Zazo and R. Valenzuela",
 title = "Simplifying the beamforming optimality region for practical {MIMO} scenarios",
 journal = "IEEE Communication Letters",
 year = "2006",
 volume = "10",
 number = "11",
 pages = "",
 month = nov
)

@ARTICLE(Sandhu00,
 author = "S. Sandhu and A. Paulraj",
 title = "Space-time block codes: a capacity perspective",
 journal = "IEEE Communication Letters",
 year = "2000",
 volume = "4",
 number = "12",
 pages = "384 - 386",
 month = dec
)


@ARTICLE(Sayeed02,
 author = "A.M. Sayeed",
 title = "Deconstructing multiantenna fading channels",
 journal = "IEEE Transactions on Signal Processing",
 year = "2002",
 volume = "50",
 number = "10",
 pages = "2563 - 2579",
 month = oct
)

@INPROCEEDINGS(Sayeed04,
 author = "A. Sayeed and V. Raghavan and J. Kotecha",
 title = "Capacity of space-time wireless channels: a physical perspective",
 booktitle = "{IEEE Information Theory Workshop}",
 year = "2004",
 volume = "1",
 pages = "434 - 439",
 month = oct
)

@INPROCEEDINGS(Sayeed06,
 author = "A. Sayeed and V. Raghavan",
 title = "The Ideal {MIMO} Channel: Maximizing Capacity in Sparse Multipath with Reconfigurable Arrays",
 booktitle = "{IEEE International Symposium on Information Theory}",
 year = "2006",
 volume = "1",
 pages = "1036 - 1040",
 month = jul
)


@INPROCEEDINGS(Schumacher02,
 author = "L. Schumacher and L. T. Berger and J. Ramiro-Moreno",
 title = "Recent Advances in Propagation Characterisation and Multiple Antenna Processing in the {3GPP} Framework",
 booktitle = "{XXVIIth URSI General Assembly}",
 year = "2002",
 month = "Maastricht, The Netherlands, August"
)


@ARTICLE(Shiu00,
 author = "S. Shiu and G. J. Foschini and M. J. Gans and J. M. Kahn",
 title = "Fading Correlation and its effect on the capacity of multielement antenna systems",
 journal = "IEEE Transactions on Communications",
 year = "2000",
 volume = "48",
 number = "3",
 pages = "502-513",
 month = mar
)

@ARTICLE(Sun02,
 author = "Q. Sun and D. C. Cos and H. C. Huang and A. Lozano",
 title = "Estimation of Continuous Flat Fading {MIMO} Channels",
 journal = "IEEE Transactions on Wireless Communications",
 year = "2002",
 volume = "1",
 month = oct
)

@INPROCEEDINGS(Svantesson00,
 author = "T. Svantesson",
 title = "On the potential of multimode antenna diversity",
 booktitle = "IEEE Vehicular Technology Conference",
 year = "2000",
 volume = "5",
 pages = "2368 - 2372",
 month = sep
)

@INPROCEEDINGS(Svantesson01,
 author = "T. Svantesson",
 title = "A physical {MIMO} radio channel model for multi-element multi-polarized antenna systems",
 booktitle = "IEEE Vehicular Technology Conference",
 year = "2001",
 volume = "2",
 pages = "1083 - 1087",
 month = oct
)

@ARTICLE(Svantesson02,
 author = "T. Svantesson",
 title = "Correlation and channel capacity of {MIMO} systems employing multimode antennas",
 journal = "IEEE Transactions on Vehicular Technology",
 year = "2002",
 volume = "51",
 number = "6",
 pages = "1304 - 1312",
 month = nov
)
@ARTICLE(Svantesson04,
 author = "T. Svantesson and M. A. Jensen and J. W. Wallace",
 title = "{Analysis of electromagnetic field polarizations in multiantenna systems}",
 journal = "IEEE Transactions on Wireless Communications",
 year = "2004",
 volume = "3",
 number = "2",
 pages = "641 - 646",
 month = mar
)

@ARTICLE(Telatar99,
 author = "E. Telatar",
 title = "{Capacity of multi-antenna Gaussian channels}",
 journal = "European Transactions on Telecommunication",
 year = "1999",
 volume = "10",
 number = "6",
 pages = "585-596",
 month = nov
)

@ARTICLE(Tse04,
 author = "D.N.C. Tse and P. Viswanath and L. Zheng",
 title = "Diversity-multiplexing tradeoff in multiple-access channels",
 journal = "IEEE Transactions on Information Theory",
 year = "2004",
 volume = "50",
 number = "9",
 pages = "1859 - 1874",
 month = sep
)

@INPROCEEDINGS(Tulino03,
 author = "A.M. Tulino and S. Verdu and A. Lozano",
 title = "Capacity of antenna arrays with space, polarization and pattern diversity",
 booktitle = "{IEEE Information Theory Workshop}",
 year = "2003",
 volume = "3",
 pages = "324- 27",
 month = apr
)

@ARTICLE(Tulino04,
 author = "A.M. Tulino and A. Lozano and S. Verd\'u",
 title = "Capacity-Achieving Input Covariance for Single-user Multi-Antenna Channels",
 journal = "{IEEE Transactions on Wireless Communications}",
 volume = "5",
 number = "3",
 pages = "662-671",
 year = "2006",
 month = mar

)

@ARTICLE(Tulino05,
 author = "A.M. Tulino and A. Lozano and S. Verd\'u",
 title = "Impact of Antenna Correlation on the Capacity of Mutiantenna Channels",
 journal = "IEEE Transactions on Information Theory",
 year = "2005",
 volume = "51",
 number = "7",
 pages = "2491 - 2509",
 month = jul
)

@INPROCEEDINGS(Vaughan84,
 author = "R.G. Vaughan and J.B. Andersen",
 title = "{A multiport Patch Antenna for Mobile Communications}",
 booktitle = "{14th European Microwave Conference}",
 volume = "",
 pages = "607-612",
 year = "1984"
)

@INPROCEEDINGS(Vaughan88,
 author = "R.G. Vaughan",
 title = "{Two port higher mode circular microstrip antennas}",
 booktitle = "{IEEE Transactions on Antennas and Propagation}",
 volume = "36",
 pages = "309-321",
 year = "1988"
)

@ARTICLE(Verdu02,
 author = "S. Verd\'u",
 title = "{Spectral efficiency in the wideband regime}",
 journal = "IEEE Transactions on Information Theory",
 year = "2002",
 volume = "48",
 number = "6",
 pages = "1319 - 1343",
 month = jun
)


@INPROCEEDINGS(venkataramani03,
 author = "R. Venkataramani and T. L. Marzetta",
 title = "{Reciprocal Training and Scheduling Protocol for MIMO Systems}",
 booktitle = "{41st Annual Allerton Conf. on Communication, Control, and Computing}",
 volume = "",
 pages = "",
 year = "2003"
)

@INPROCEEDINGS(Venkatesan03,
 author = "S. Venkatesan and S.H Simon and R. A. Valenzuela",
 title = "{Capacity of a Gaussian MIMO channel with nonzero mean}",
 booktitle = "{IEEE Vehicular Technologies Conference (VTC'03)}",
 volume = "3",
 pages = "1767-1771",
 year = "2003"
)

@ARTICLE(Visotsky01,
 author = "E. Visotsky and U. Madhow",
 title = "{Space-Time Transmit Precoding With Imperfect Feedback}",
 journal = "IEEE Transactions on Information Theory",
 year = "2001",
 volume = "47",
 number = "6",
 pages = "2632-2639",
 month = sep
)

@ARTICLE(Viswanath02,
 author = "Pramod Viswanath and David M. C. Tse and R. Laroia",
 title = "{Opportunistic Beamforming Using Dumb Antennas}",
 journal = "IEEE Transactions on Information Theory",
 year = "2002",
 volume = "48",
 number = "6",
 pages = "1277-1294",
 month = jun
)

@ARTICLE(Waldschmidt04,
 author = "C. Waldschmidt and W. Wiesbeck",
 title = "{Compact wide-band multimode antennas for MIMO and diversity}",
 journal = "IEEE Transactions on Antennas and Propagation",
 year = "2004",
 volume = "52",
 number = "8",
 pages = "1963-1969",
 month = aug
)

@ARTICLE(Waldschmidt04b,
 author = "C. Waldschmidt and S. Schulteis and W. Wiesbeck",
 title = "{Complete RF system model for analysis of compact MIMO arrays}",
 journal = "IEEE Transactions on Vehicular Technology",
 year = "2004",
 volume = "53",
 number = "3",
 pages = "579 - 586",
 month = may
)


@ARTICLE(Wallace04,
 author = "J.W. Wallace and M.A. Jensen",
 title = "{Mutual coupling in {MIMO} wireless systems: a rigorous network theory analysis}",
 journal = "IEEE Transactions on Wireless Communications",
 year = "2004",
 volume = "3",
 number = "4",
 pages = "1317 - 1325",
 month = jul
)

@INPROCEEDINGS(Weingarten04,
 author = "H. Weingarten and Y. Steinberg and S. Shamai",
 title = "{The capacity region of the Gaussian MIMO broadcast channel}",
 booktitle = "{International Symposium on Information Theory}",
 pages = "174",
 year = "2004"
)

@ARTICLE(Wilkes87,
 author = "D. Wilkes and M. Hayes",
 title = "An eigenvalue recursion for Toeplitz matrices",
 journal = "IEEE Transactions on Acoustics, Speech, and Signal Processing",
 volume ="35",
 number = "6",
 year = "1987",
 pages = "907 - 909",
 month = jun

)@INPROCEEDINGS(Wu04,
 author = "X. Wu and R. Srikant",
 title = "{MIMO} channels in the {Low-SNR} regime: Communication Rate, Error Exponent and Signal Peakiness",
 booktitle = "IEEE Information Theory Workshop",
 year = "2004",
 volume = "1",
 pages = "428-433",
 month = oct
)

@INPROCEEDINGS(Xu01,
 author = "H. Xu and M. Gans and N. Amitay and R. Valenzuela and T. Sizer and R. Storz and D. Taylor and M. McDonald and C. Tran",
 title = "{MIMO} channel capacity for fixed wireless: measurements and models",
 booktitle = "IEEE Vehicular Technology Conference",
 year = "2001",
 volume = "2",
 pages = "1068 - 1072",
 month = oct
)

@INPROCEEDINGS(Xu03,
 author = "H. Xu and D. Chizhik and H. Huang and R. Valenzuela",
 title = "{A wave-based wideband MIMO channel modeling technique}",
 booktitle = "IEEE International Symposium on Personal, Indoor and Mobile Radio Communications (PIMRC'02)",
 year = "2002",
 volume = "4",
 pages = "1626 - 1630",
 month = sep
)

@ARTICLE(Xu04,
 author = "H. Xu and D. Chizhik and H. Huang and R. Valenzuela",
 title = "{A generalized space-time multiple-input multiple-output (MIMO) channel model}",
 journal = "IEEE Transactions on Wireless Communications",
 year = "2004",
 volume = "3",
 number = "3",
 pages = "966 - 975",
 month = may
)

@INPROCEEDINGS{Yasunaga,
  author =       "M.Yasunaga and F.Watanabe and T.Shiokawa and M.Yamada",
  title =        "Phased array antennas for aeronaututical satellite communications",
  booktitle=     "Fifth International Conference on Antennas and Propagation",
  pages =        "47-50",
  year =         "1987",
  month =        apr,
}
@ARTICLE(Yu04,
 author = "Wei Yu and Wonjong Rhee and S. Boyd and J.M. Cioffi, ",
 title = "{Iterative water-filling for Gaussian vector multiple-access channels}",
 journal = "IEEE Transactions on Information Theory",
 year = "20043",
 volume = "50",
 number = "1",
 pages = "145 - 152",
 month = jan
)


@ARTICLE(Zheng03,
 author = "L. Zheng and P. Viswanath and D.N.C. Tse",
 title = "Diversity and multiplexing: a fundamental tradeoff in multiple-antenna channels",
 journal = "IEEE Transactions on Information Theory",
 year = "2003",
 volume = "49",
 number = "5",
 pages = "1073 - 1095",
 month = may
)

@ARTICLE(Zhou03,
 author = "Xiaobo Zhou and Xiaodong Wang",
 title = "{Channel Estimation for OFDM Systems using Adaptive Radial Basis Function Networks}",
 journal = "IEEE Trans. on Vehicular Technology",
 year = "2003",
 volume = "52",
 number = "1",
 pages = "48-59",
 month = jan
)

@INPROCEEDINGS(Zwick98,
 author = "T. Zwick and C. Fischer and W. Wiesbeck",
 title = "A statistical channel model for indoor environments including angle of arrival",
 booktitle = "{IEEE Vehicular Technologies Conference (VTC'98)}",
 volume = "1",
 pages = "615 - 619",
 year = "1998"
 month= may
)
